@article{instabilities,
        title = {Uncovering Instabilities in Variational-Quantum Deep Q-Networks},
        author    = {Maja Franz and
	Lucas Wolf and
	Maniraman Periyasamy and 
	Christian Ufrecht and
	Daniel D. Scherer and
	Axel Plinge and
	Christopher Mutschler and 
	Wolfgang Mauerer}
}

@article{crisis,
	title={Reproducibility crisis},
  	author={Baker, Monya},
  	journal={Nature},
  	volume={533},
  	number={26},
  	pages={353--66},
  	year={2016},
	doi={10.1038/533452a},
	url={https://www.nature.com/articles/533452a},
	urldate={2022-02-08}
}

@book{popper,
  	title={The Logic of Scientific Discovery},
  	author={Karl Popper},
  	isbn={9780203994627},
  	pages={23},
  	year={2002},
 	publisher={Routledge},
	doi={10.4324/9780203994627}
}

@book{rl,
  	title={Reinforcement Learning, second edition: An Introduction},
  	author={Sutton, R.S. and Barto, A.G.},
  	isbn={9780262039246},
  	series={Adaptive Computation and Machine Learning series},
  	year={2018},
  	publisher={MIT Press},
  	pages={1, 25, 131-132, 441-443},
}

@misc{atari,
      title={Agent57: Outperforming the Atari Human Benchmark},
      author={Adrià Puigdomènech Badia and Bilal Piot and Steven Kapturowski and Pablo Sprechmann and Alex Vitvitskyi and Daniel Guo and Charles Blundell},
      year={2020},
      eprint={2003.13350},
      archivePrefix={arXiv},
      primaryClass={cs.LG}
}

@misc{databasesearch,
      title={A fast quantum mechanical algorithm for database search},
      author={Lov K. Grover},
      year={1996},
      eprint={quant-ph/9605043},
      archivePrefix={arXiv},
      primaryClass={quant-ph},
      doi={10.1145/237814.237866}
}

@article{vqdqn,
 	author={Chen, Samuel Yen-Chi and Yang, Chao-Han Huck and Qi, Jun and Chen, Pin-Yu and Ma, Xiaoli and Goan, Hsi-Sheng},
  	journal={IEEE Access},
  	title={Variational Quantum Circuits for Deep Reinforcement Learning},
  	year={2020},
  	volume={8},
 	pages={141007-141024},
  	doi={10.1109/ACCESS.2020.3010470}
}

@article{circuits,
	doi = {10.1088/2058-9565/ab4eb5},
	url = {https://doi.org/10.1088/2058-9565/ab4eb5},
	year = 2019,
	publisher = {{IOP} Publishing},
	volume = {4},
	number = {4},
	pages = {043001},
	author = {Marcello Benedetti and Erika Lloyd and Stefan Sack and Mattia Fiorentini},
	title = {Parameterized quantum circuits as machine learning models},
	journal = {Quantum Science and Technology}
}

@misc{lockwood,
      title={Reinforcement Learning with Quantum Variational Circuits},
      author={Owen Lockwood and Mei Si},
      year={2020},
      eprint={2008.07524},
      archivePrefix={arXiv},
}

@misc{skolik,
      title={Quantum agents in the Gym: a variational quantum algorithm for deep Q-learning}, 
      author={Andrea Skolik and Sofiene Jerbi and Vedran Dunjko},
      year={2021},
      eprint={2103.15084},
      archivePrefix={arXiv},
}
